<collection xmlns="http://www.loc.gov/MARC21/slim">
<record>
  <leader>01218nam0a22002411i 450 </leader>
  <controlfield tag="001">IT\ICCU\CNCE\061714</controlfield>
  <controlfield tag="005">20051012000000.0</controlfield>
  <datafield tag="012" ind1=" " ind2=" ">
    <subfield code="a">l-e- 9.a- isia vbmi (3) 1579 (A)</subfield>
    <subfield code="2">fei</subfield>
  </datafield>
  <datafield tag="100" ind1=" " ind2=" ">
    <subfield code="a">20051010d1579        0itac0103    ba</subfield>
  </datafield>
  <datafield tag="101" ind1=" " ind2=" ">
    <subfield code="a">LAT</subfield>
  </datafield>
  <datafield tag="102" ind1=" " ind2=" ">
    <subfield code="a">IT</subfield>
  </datafield>
  <datafield tag="200" ind1="1" ind2=" ">
    <subfield code="a">Consiliorum seu mauis responsarum Rolandi a Valle iuris cum ciuilis, tum pontificii consultissimi. Patricci casalensis, equitis ... Liber tertius, nunc mendis in eo existentibus nouiter emendatus ...</subfield>
  </datafield>
  <datafield tag="210" ind1=" " ind2=" ">
    <subfield code="a"></subfield>
    <subfield code="c">sumptibus Io. Dominici Tarini</subfield>
    <subfield code="d">1579.</subfield>
    <subfield code="e">Taurini</subfield>
    <subfield code="g"></subfield>
    <subfield code="h">1579</subfield>
  </datafield>
  <datafield tag="215" ind1=" " ind2=" ">
    <subfield code="a">\29!, 175 p.</subfield>
    <subfield code="d">fol</subfield>
  </datafield>
  <datafield tag="300" ind1=" " ind2=" ">
    <subfield code="a"></subfield>
  </datafield>
  <datafield tag="620" ind1=" " ind2=" ">
    <subfield code="a">IT</subfield>
    <subfield code="d">Torino</subfield>
  </datafield>
  <datafield tag="700" ind1=" " ind2="1">
    <subfield code="a">Della_Valle,</subfield>
    <subfield code="b">Rolando</subfield>
    <subfield code="3">IT\ICCU\CNCA\004729</subfield>
  </datafield>
  <datafield tag="712" ind1="0" ind2="0">
    <subfield code="a">Tarino, Domenico</subfield>
    <subfield code="3">IT\ICCU\CNCT\000629</subfield>
    <subfield code="4">650</subfield>
  </datafield>
  <datafield tag="790" ind1=" " ind2="1">
    <subfield code="a">Valle,</subfield>
    <subfield code="b">Rolandus : a</subfield>
    <subfield code="3">IT\ICCU\CNCA\013411</subfield>
    <subfield code="z">Della_Valle, Rolando</subfield>
  </datafield>
  <datafield tag="790" ind1=" " ind2="0">
    <subfield code="a">Rolandus</subfield>
    <subfield code="c"> : a#Valle</subfield>
    <subfield code="3">IT\ICCU\CNCA\028442</subfield>
    <subfield code="z">Della_Valle, Rolando</subfield>
  </datafield>
  <datafield tag="791" ind1="0" ind2="0">
    <subfield code="a">Tarinus, Dominicus</subfield>
    <subfield code="3">IT\ICCU\CNCT\005572</subfield>
    <subfield code="z">Tarino, Domenico</subfield>
  </datafield>
  <datafield tag="801" ind1=" " ind2="3">
    <subfield code="a">IT</subfield>
    <subfield code="b">ICCU</subfield>
    <subfield code="c">20201115</subfield>
  </datafield>
  <datafield tag="899" ind1=" " ind2=" ">
    <subfield code="a">Biblioteca civica Giovanni Canna. Casale Monferrato</subfield>
    <subfield code="1">AL0114</subfield>
    <subfield code="2">TO0 49</subfield>
  </datafield>
</record>
</collection>
